@book{freire2013extensao,
	author = {Paulo Freire},
	title = {Extensão ou comunicação?},
	year = {2013},
	publisher = {Paz e Terra},
	location = {Rio de Janeiro}
}

@book{bakhtin1997estetica,
	author = {Mikhail Bakhtin},
	title = {Estética da criação verbal},
	year = {1997},
	publisher = {Martins Fontes},
	location = {São Paulo}
}

@book{clot2007trabalho,
	author = {Yves Clot},
	title = {A função psicológica do trabalho},
	year = {2007},
	publisher = {Vozes},
	location = {Petrópolis}
}

@misc{parra2022ater,
	author = {Parra, Helena Dantas et al.},
	title = {ATER Digital Participativa: metodologias pedagógicas e exemplos de aplicação},
	year = {2022},
	note = {Universidade Estadual da Paraíba}
}

@book{zuin2021comunicacao,
	author = {Luís Fernando Soares Zuin},
	title = {Comunicação rural},
	year = {2021},
	publisher = {EDUEPB},
	location = {Campina Grande}
}

@misc{crea2020dial,
	author = {Community of Research on Excellence for All (CREA)},
	title = {Aprendizagem Dialógica na Sociedade da Informação: Módulo 2},
	year = {2020},
	note = {Financiado pela União Europeia}
}

@book{cunha2024usabilidade,
	author = {Luiz Egidio Costa Cunha and Luís Fernando Soares Zuin},
	title = {E agora? Onde clico para voltar? A usabilidade dos portais dos órgãos públicos de ATER},
	year = {2024},
	publisher = {Pedro \& João Editores},
	location = {São Carlos}
}

@book{larrosa2014,
	author    = {Jorge Larrosa},
	title     = {Tremores: escritos sobre experiência},
	year      = {2014},
	publisher = {Autêntica},
	address   = {Belo Horizonte}
}

@book{bakhtin1981marxismo,
	title={Marxismo e filosofia da linguagem: problemas fundamentais do m{\'e}todo sociol{\'o}gico na ci{\^e}ncia da linguagem},
	author={Bakhtin, Mikhail Mikhailovich},
	year={1981},
	publisher={Hucitec}
}
@book{lopes2022,
	author    = {Renato de Carvalho Lopes and Luís Fernando Soares Zuin and Marcelo Leles Romarco de Oliveira},
	title     = {Ater Digital: possibilidades, desafios e aproximações conceituais},
	year      = {2022},
	publisher = {Pedro \& João Editores},
	address   = {São Carlos}
}
@book{cardoso2014alib,
	author = {Cardoso, Suzana Alice Marcelino de and Silva, Thaïs Cristófaro and Mendes, Maria Célia Lima-Hernandes},
	title = {Atlas Linguístico do Brasil (ALiB) – Volume 1},
	year = {2014},
	publisher = {EDUFBA},
	address = {Salvador}
}


@online{anatel_pnb,
	author       = {{Agência Nacional de Telecomunicações (Anatel)}},
	title        = {Plano de Numeração Brasileiro},
	year         = {2015},
	month        = mar,
	note         = {Publicado em 03~mar.~2015; atualizado em 13~abr.~2022},
	url          = {https://www.gov.br/anatel/pt-br/regulado/numeracao/plano-de-numeracao-brasileiro},
	urldate      = {2025-05-12},
	organization = {Ministério das Comunicações, Governo Federal do Brasil}
}
@phdthesis{pagani2022,
	author       = {Carlos Soares Pagani},
	title        = {Fala, Dialeto e Identidade: Cartografia Sociolinguística do Brasil Rural},
	school       = {Universidade Federal da Bahia},
	year         = {2022},
	type         = {Tese (Doutorado)},
	address      = {Salvador},
	url          = {https://alib.ufba.br/sites/alib.ufba.br/files/tese_2022_pagani_edh_c.pdf}
}

@book{bakhtin2010poetica,
	author       = {Bakhtin, Mikhail},
	title        = {Problemas da Poética de Dostoiévski},
	translator   = {Paulo Bezerra},
	edition      = {5},
	address      = {Rio de Janeiro},
	publisher    = {Forense Universitária},
	year         = {2010},
	origyear     = {1929},
	isbn         = {9788534212017},
	note         = {Título original: Problemy tvorchestva Dostoevskogo}
}

@book{barbadinho2003estudos,
	editor       = {Barbadinho Neto, Raimundo},
	title        = {Estudos Filol{\'o}gicos: volume dedicado {\`a} mem{\'o}ria de Antenor Nascentes},
	volume       = {1},
	address      = {Rio de Janeiro},
	publisher    = {Academia Brasileira de Letras},
	year         = {2003},
	pages        = {748},
	series       = {Coleção Antônio de Morais Silva: Estudos de Língua Portuguesa},
	note         = {Ilustrado},
	language     = {pt-BR}
}

@book{bakhtin2006,  
	author    = {BAKHTIN, Mikhail},
	title     = {Problemas da poética de Dostoiévski},
	edition   = {3},
	address   = {Rio de Janeiro},
	publisher = {Forense Universitária},
	year      = {2006},
	language  = {pt-BR}
}
